<?xml version="1.0" encoding="UTF-8"?><collection xmlns="http://www.loc.gov/MARC21/slim"><record><leader>00398nam--2200133-i-4500</leader><controlfield tag="001">000036161</controlfield><controlfield tag="002">20161230</controlfield><controlfield tag="005">20161230201040</controlfield><controlfield tag="008">060222s1000------------r-----000-0-eng-d</controlfield><datafield ind1=" " ind2=" " tag="080"><subfield code="a">541.1</subfield></datafield><datafield ind1=" " ind2=" " tag="100"><subfield code="a">Naser, Karl-heinz</subfield></datafield><datafield ind1=" " ind2=" " tag="245"><subfield code="a">Physikalische chemie fur techniker und ingenieurs.8 verbesserte auflage</subfield></datafield><datafield ind1=" " ind2=" " tag="260"><subfield code="a">Leipzig, Veb Deutscher Verlag Fur Grundstoff-industrie. 1966. 448p</subfield></datafield><datafield ind1=" " ind2=" " tag="852"><subfield code="a">25343</subfield></datafield></record></collection>